<?xml version="1.0" encoding="UTF-8"?><record xmlns="http://www.loc.gov/MARC21/slim" xmlns:cinclude="http://apache.org/cocoon/include/1.0" xmlns:zs="http://www.loc.gov/zing/srw/">
  <leader>00619nz  a2200145n  4500</leader>
  <controlfield tag="001">n  00014140 </controlfield>
  <controlfield tag="003">DLC</controlfield>
  <controlfield tag="005">20000726143119.0</controlfield>
  <controlfield tag="008">000726n| acannaabn          |a aaa      </controlfield>
  <datafield tag="010" ind1=" " ind2=" ">
    <subfield code="a">n  00014140 </subfield>
  </datafield>
  <datafield tag="040" ind1=" " ind2=" ">
    <subfield code="a">DLC</subfield>
    <subfield code="b">eng</subfield>
    <subfield code="c">DLC</subfield>
  </datafield>
  <datafield tag="100" ind1="1" ind2=" ">
    <subfield code="a">Criado-Sancho, M.</subfield>
    <subfield code="q">(Manuel),</subfield>
    <subfield code="d">1948-</subfield>
  </datafield>
  <datafield tag="400" ind1="1" ind2=" ">
    <subfield code="a">Criado-Sancho, Manuel,</subfield>
    <subfield code="d">1948-</subfield>
  </datafield>
  <datafield tag="400" ind1="1" ind2=" ">
    <subfield code="a">Sancho, M. Criado-</subfield>
    <subfield code="q">(Manuel Criado-),</subfield>
    <subfield code="d">1948-</subfield>
  </datafield>
  <datafield tag="670" ind1=" " ind2=" ">
    <subfield code="a">Jou, D. Thermodynamics of fluids under flow, 2000:</subfield>
    <subfield code="b">CIP t.p. (M. Criado-Sancho) t.p. verso (Professor Manuel Criado-Sancho; Dept. de Física Estadística, Universitat Autónoma de Barcelona Edifici Cc, Spain) d.s. (dob May 25, 1948)</subfield>
  </datafield>
</record>